@article{DBLP:journals/corr/abs-0705-0552,
  author    = {Rajeev Raman and
               Venkatesh Raman and
               Srinivasa Rao Satti},
  title     = {Succinct Indexable Dictionaries with Applications to Encoding {\textdollar}k{\textdollar}-ary
               Trees, Prefix Sums and Multisets},
  journal   = {CoRR},
  volume    = {abs/0705.0552},
  year      = {2007},
  url       = {http://arxiv.org/abs/0705.0552},
  timestamp = {Fri, 27 May 2016 10:03:53 +0200},
  biburl    = {http://dblp.uni-trier.de/rec/bib/journals/corr/abs-0705-0552},
  bibsource = {dblp computer science bibliography, http://dblp.org}
}

@article{navarro-wavelet-trees-for-all,
	title = "Wavelet Trees for All",
	author = "G. Navarro", 
	journal = "Journal of Discrete Algorithms",
	year = 2014,
	publisher = "Elsevier Science",
	volume = 25,
	pages = "2--20"
}

@inproceedings{Grossi:2003:HET:644108.644250,
 author = {Grossi, Roberto and Gupta, Ankur and Vitter, Jeffrey Scott},
 title = {High-order Entropy-compressed Text Indexes},
 booktitle = {Proceedings of the Fourteenth Annual ACM-SIAM Symposium on Discrete Algorithms},
 series = {SODA '03},
 year = {2003},
 isbn = {0-89871-538-5},
 location = {Baltimore, Maryland},
 pages = {841--850},
 numpages = {10},
 url = {http://dl.acm.org/citation.cfm?id=644108.644250},
 acmid = {644250},
 publisher = {Society for Industrial and Applied Mathematics},
 address = {Philadelphia, PA, USA},
}
